@article{nobelprize,
  author={Sharon Bertsch McGrayne},
  journal={Their Lives, Struggles, and Moentours Discoveries}, 
  title={Nobel Prize Women in Science}, 
  year={1998},
  pages={472},
  isbn={978-0-309-07270-0},
  doi={doi: https://doi.org/10.17226/10016},
  keywords={nobel prize women in science}
}

@online{fortune,
  author   = {EMMA HINCHLIFFE},
  title    = {The number of female CEOs in the Fortune 500 hits an all-time record},
  year     = {2020},
  url      = {https://fortune.com/2020/05/18/women-ceos-fortune-500-2020/},
  keywords = {fortune 500}
}

@online{congress,
  title    = {Women in the U.S. Congress 2020},
  year     = {2020},
  url      = {https://cawp.rutgers.edu/women-us-congress-2020},
  keywords = {congress wonmen}
}

@online{salary,
  title    = {7 charts that show the glaring gap between men's and women's salaries in the US},
  year     = {2020},
  url      = {https://www.businessinsider.com/gender-wage-pay-gap-charts-2017-3},
  keywords = {salary wonmen}
}
