@online{assignment1,
  author = "PBS NewsHour",
  title = "Harvard President Summersâ€™ Remarks About Women in Science, Engineering",
  url = "https://www.pbs.org/newshour/science/science-jan-june05-summersremarks_2-22",
  addendum = "(accessed: 02.22.2005)",
  keywords = "harvard,lawrence summers"
}