
@online{kopievanpbs,
  author   = {Kopie van PBS, The Path to Nuclear Fission},
  title    = {The Story of Lise Meitner and Otto Hahn},
  year     = {2006},
  url      = {https://www.youtube.com/watch?v=OVT0suIlzXQ&feature=youtu.be},
  keywords = {lise meitner}
}
