@online{doublebind,
  author   = {Pamela, and Brandi Campbell},
  title    = {The Double Bind: The Price of Being a Minority Women in Science},
  year     = {2005},
  url      = {http://web.mit.edu/cortiz/www/Diversity/1975-DoubleBind.pdf},
  keywords = {double bind}
}