@article{womencs,
  author={J. {Fuegi} and J. {Francis}},
  journal={IEEE Annals of the History of Computing}, 
  title={Lovelace Babbage and the creation of the 1843 'notes'}, 
  year={2003},
  volume={25},
  number={4},
  pages={16-26},
  doi={doi: 10.1109/MAHC.2003.1253887},
  keywords={computer science}
}

@article{variability,
  author={H. {Gray} and A. {Lyth} and C. {McKenna} and S. {Stothard} and P. {Tymms} and L. {Copping}},
  journal={mathematics and science: a meta-analytic extension of Baye and Monseur (2016)},
  title={Sex differences in variability across nations in reading, mathematics and science: a meta-analytic extension of Baye and Monseur},
  year={2019},
  volume={7},
  number={2},
  doi={https://doi.org/10.1186/s40536-019-0070-9},
  keywords={variability hypothesis}
}

@online{summers,
  author={PBS NewsHour},
  title={Harvard President Summersâ€™ Remarks About Women in Science, Engineering},
  year={2005},
  url={https://www.pbs.org/newshour/science/science-jan-june05-summersremarks_2-22},
  keywords={lawrence summers}
}

@online{williams,
  author={YouTube: GRCC History Professor Susan Williams},
  title={Agamede's Legacies: History of Women in Science},
  year={2009},
  url={https://www.youtube.com/watch?v=UzUkUFUVhTs},
  keywords={susan williams}
}

@online{summersedu,
  author={Lawrence H Summers},
  title={An asset price approach to the analysis of capital income taxation},
  year={1981},
  url={https://search.proquest.com/docview/303216376/},
  keywords={summers education}
}

@misc{ustreasury,
  author={U.S. Treasury Department},
  title={U.S. Treasury Department},
  year={2001},
  url={https://www.treasury.gov/about/history/pages/lhsummers.aspx},
  keywords={treasury secretary}
}

@misc{economicconcil,
  author={World Bank Live},
  title={World Bank Live},
  year={2010},
  url={https://live.worldbank.org/experts/lawrence-h-summers},
  keywords={economic concil}
}